
@article{RicciEide:login14,
    author  = "Robert Ricci and Eric Eide and {The CloudLab Team}",
    title   = "Introducing {CloudLab}: Scientific Infrastructure for Advancing Cloud Architectures and Applications",
    journal = "{USENIX} {;login:}",
    year    = 2014,
    month   = dec,
    volume  = 39,
    number  = 6,
    url = "https://www.usenix.org/publications/login/dec14/ricci"
}

